<?xml version="1.0" encoding="UTF-8"?><collection xmlns="http://www.loc.gov/MARC21/slim"><record><leader>00424nam--2200121-i-4500</leader><controlfield tag="001">000044181</controlfield><controlfield tag="002">20161230</controlfield><controlfield tag="005">20161230201044</controlfield><controlfield tag="008">060222s1000------------r-----000-0-eng-d</controlfield><datafield ind1=" " ind2=" " tag="245"><subfield code="a">Pulsed fusion reactors. erice-trapani (sicily), sept.9th-20th, 1974</subfield></datafield><datafield ind1=" " ind2=" " tag="260"><subfield code="a">Oxford, Pergamon Press, 1975, Xix+758p</subfield></datafield><datafield ind1=" " ind2=" " tag="490"><subfield code="a">International School Of Fusion Reactor Technology `Ettore Majorana` Centrefor Scientific Culture)</subfield></datafield><datafield ind1=" " ind2=" " tag="852"><subfield code="a">43208</subfield></datafield></record></collection>